% This file was created with JabRef 2.10b2.
% Encoding: UTF-8

% Referências - Luana

@inproceedings{yang2014automatic,
    author={G. Yang and J. Gu and Y. Chen and W. Liu and L. Tang and H. Shu and C. Toumoulin},
    booktitle={2014 36th Annual International Conference of the IEEE Engineering in Medicine and Biology Society},
    title={Automatic kidney segmentation in CT images based on multi-atlas image registration},
    year={2014},
    volume={},
    number={},
    pages={5538-5541},
    doi={https://doi.org/10.1109/EMBC.2014.6944881},
    ISSN={1558-4615},
    month={Aug},
}

@INPROCEEDINGS{8875911,
  author={Türkoğlu, Muammer and Hanbay, Davut},
  booktitle={2019 International Artificial Intelligence and Data Processing Symposium (IDAP)}, 
  title={Combination of Deep Features and KNN Algorithm for Classification of Leaf-Based Plant Species}, 
  year={2019},
  volume={},
  number={},
  pages={1-5},
  doi={10.1109/IDAP.2019.8875911}}

@article{taha2015metrics,
  title={Metrics for evaluating 3D medical image segmentation: analysis, selection, and tool},
  author={Taha, Abdel Aziz and Hanbury, Allan},
  journal={BMC medical imaging},
  volume={15},
  number={1},
  pages={1--28},
  year={2015},
  publisher={BioMed Central}
}

@techreport{dodgson1992image,
  title={Image resampling},
  author={Dodgson, Neil Anthony},
  year={1992},
  institution={University of Cambridge, Computer Laboratory}
}

@article{andrews1976digital,
  title={Digital interpolation of discrete images},
  author={Andrews, Harry C and Patterson, Claude L},
  journal={IEEE Transactions on Computers},
  volume={100},
  number={2},
  pages={196--202},
  year={1976},
  publisher={IEEE}
}

@article{sachs2001image,
  title={Image Resampling},
  author={Sachs, Jonathan},
  journal={Digital Light \& Color},
  volume={14},
  year={2001}
}

@article{kimble2015big,
  title={Big data and business intelligence: Debunking the myths},
  author={Kimble, Chris and Milolidakis, Giannis},
  journal={Global Business and Organizational Excellence},
  volume={35},
  number={1},
  pages={23--34},
  year={2015},
  publisher={Wiley Online Library}
}

@INPROCEEDINGS{1372173,
  author={Li, A. and Mueller, K. and Ernst, T.},
  booktitle={IEEE Visualization 2004}, 
  title={Methods for efficient, high quality volume resampling in the frequency domain}, 
  year={2004},
  volume={},
  number={},
  pages={3-10},
  doi={10.1109/VISUAL.2004.70}}

@book{bland2015introduction,
    title={An introduction to medical statistics},
    author={Bland, Martin},
    year={2015},
    pages={446},
    publisher={Oxford University Press (UK)}
}

@inproceedings{yang2018automatic,
    author={G. Yang and G. Li and T. Pan and Y. Kong and J. Wu and H. Shu and L. Luo and J. Dillenseger and J. Coatrieux and L. Tang and X. Zhu},
    booktitle={2018 24th International Conference on Pattern Recognition (ICPR)},
    title={Automatic Segmentation of Kidney and Renal Tumor in CT Images Based on 3D Fully Convolutional Neural Network with Pyramid Pooling Module},
    year={2018},
    volume={},
    number={},
    pages={3790-3795},
    doi={https://doi.org/10.1109/ICPR.2018.8545143},
    ISSN={1051-4651},
    month={Aug},
}

@article{skalski2017kidney,
    author={Skalski, Andrzej and Heryan, Katarzyna and Jakubowski, Jacek and Drewniak, Tomasz},
    howpublished={online},
    year={2017},
    type={Artykuły / Articles},
    title={Kidney Segmentation in CT Data Using Hybrid Level-Set Method with Ellipsoidal Shape Constraints},
    volume={24},
    number={1},
    pages={101-112},
    journal={Metrology and Measurement Systems},
    publisher={Polish Academy of Sciences Committee on Metrology and Scientific Instrumentation},
    doi={https://doi.org/10.1515/mms-2017-0006}
}

@INPROCEEDINGS{Haghighi2018,
    author={M. {Haghighi} and S. K. {Warfield} and S. {Kurugol}},
    booktitle={2018 IEEE 15th International Symposium on Biomedical Imaging (ISBI 2018)},
    title={Automatic renal segmentation in DCE-MRI using convolutional neural networks},
    year={2018},
    volume={},
    number={},
    pages={1534-1537},
    doi={https://doi.org/10.1109/ISBI.2018.8363865},
    ISSN={1945-8452},
    month={April}
}

@article{wolz2013automated,
    author={R. Wolz and C. Chu and K. Misawa and M. Fujiwara and K. Mori and D. Rueckert},
    journal={IEEE Transactions on Medical Imaging},
    title={Automated Abdominal Multi-Organ Segmentation With Subject-Specific Atlas Generation},
    year={2013},
    volume={32},
    number={9},
    pages={1723-1730},
    doi={https://doi.org/10.1109/TMI.2013.2265805},
    ISSN={1558-254X},
    month={Sep.},
}

@inproceedings{khalifa2016kidney,
    author={F. Khalifa and A. Soliman and A. Takieldeen and M. Shehata and M. Mostapha and A. Shaffie and R. Ouseph and A. Elmaghraby and A. El-Baz},
    booktitle={2016 IEEE 13th International Symposium on Biomedical Imaging (ISBI)},
    title={Kidney segmentation from CT images using a 3D NMF-guided active contour model},
    year={2016},
    volume={},
    number={},
    pages={432-435},
    doi={https://doi.org/10.1109/ISBI.2016.7493300},
    ISSN={1945-8452},
    month={April},
}

@inproceedings{mehta2019segmenting,
    author={P. Mehta and V. Sandfort and D. Gheysens and G. Braeckevelt and J. Berte and R. M. Summers},
    booktitle={2019 IEEE 16th International Symposium on Biomedical Imaging (ISBI 2019)},
    title={Segmenting The Kidney On CT Scans Via Crowdsourcing},
    year={2019},
    volume={},
    number={},
    pages={829-832},
    doi={https://doi.org/10.1109/ISBI.2019.8759240},
    ISSN={1945-7928},
    month={April},
}

@article{SOUZA2019285,
    title = "An automatic method for lung segmentation and reconstruction in chest X-ray using deep neural networks",
    journal = "Computer Methods and Programs in Biomedicine",
    volume = "177",
    pages = "285 - 296",
    year = "2019",
    issn = "0169-2607",
    doi = "https://doi.org/10.1016/j.cmpb.2019.06.005",
    author = "Johnatan Carvalho Souza and João Otávio Bandeira Diniz and Jonnison Lima Ferreira and Giovanni Lucca França da Silva and Aristófanes Corrêa Silva and Anselmo Cardoso de Paiva"
}

@INPROCEEDINGS{9708025,
  author={Geethanjali, T M and Minavathi and Dinesh, M S},
  booktitle={2021 5th International Conference on Electrical, Electronics, Communication, Computer Technologies and Optimization Techniques (ICEECCOT)}, 
  title={Semantic Segmentation of Tumors in Kidneys using Attention U-Net Models}, 
  year={2021},
  volume={},
  number={},
  pages={286-290},
  doi={10.1109/ICEECCOT52851.2021.9708025}
}

@article{KANG2022103334,
    title = {Renal tumors segmentation in abdomen CT Images using 3D-CNN and ConvLSTM},
    journal = {Biomedical Signal Processing and Control},
    volume = {72},
    pages = {103334},
    year = {2022},
    issn = {1746-8094},
    doi = {https://doi.org/10.1016/j.bspc.2021.103334},
    url = {https://www.sciencedirect.com/science/article/pii/S1746809421009319},
    author = {Li Kang and Ziqi Zhou and Jianjun Huang and Wenzhong Han},
    keywords = {Renal tumors, Segmentation, Convolutional neural network (CNN), Convolutional long short-term memory (ConvLSTM)}
}

@article{ZHAO2020100357,
  title={MSS U-Net: 3D segmentation of kidneys and tumors from CT images with a multi-scale supervised U-Net},
  author={Zhao, Wenshuai and Jiang, Dihong and Queralta, Jorge Pe{\~n}a and Westerlund, Tomi},
  journal={Informatics in Medicine Unlocked},
  volume={19},
  pages={100357},
  year={2020},
  publisher={Elsevier}
}

@article{turk2022kidney,
    author = {Türk, Fuat and Lüy, Murat and Yalcinkaya, Fikret},
    year = {2022},
    month = {01},
    pages = {349-363},
    title = {Kidney Tumor Segmentation Using Two-Stage Bottleneck Block Architecture},
    volume = {33},
    journal = {Intelligent Automation \& Soft Computing},
    doi = {10.32604/iasc.2022.023710}
}

@misc{v-net2016,
  doi = {10.48550/ARXIV.1606.04797},
  url = {https://arxiv.org/abs/1606.04797},
  author = {Milletari, Fausto and Navab, Nassir and Ahmadi, Seyed-Ahmad},
  keywords = {Computer Vision and Pattern Recognition (cs.CV), FOS: Computer and information sciences, FOS: Computer and information sciences},
  title = {V-Net: Fully Convolutional Neural Networks for Volumetric Medical Image Segmentation},
  publisher = {arXiv},
  year = {2016},
  copyright = {arXiv.org perpetual, non-exclusive license}
}


@article{Tanimoto22,
    author = {Ryo Tanimoto and Kokoro Higuchi and Toshitaka Ishiguro and Kensaku Mori and Kosuke Kojo and Takahiro Kojima and Hideki Kakeya},
    journal = {Opt. Continuum},
    keywords = {Gravity; Image recognition; Medical imaging; Neural networks; Segmentation; Three dimensional imaging},
    number = {2},
    pages = {297--305},
    publisher = {OSA},
    title = {Segmentation of renal tumors in CT images by 3D U-Net preserving rotational symmetry in axial slices},
    volume = {1},
    month = {Feb},
    year = {2022},
    doi = {10.1364/OPTCON.451024}
}

@article{seru2020,
    author = {Xie, Xiuzhen and Li, Lei and Lian, Sheng and Chen, Shaohao and Luo, Zhiming},
    title = {SERU: A cascaded SE-ResNeXT U-Net for kidney and tumor segmentation},
    journal = {Concurrency and Computation: Practice and Experience},
    volume = {32},
    number = {14},
    pages = {e5738},
    doi = {https://doi.org/10.1002/cpe.5738},
    url = {https://onlinelibrary.wiley.com/doi/abs/10.1002/cpe.5738},
    eprint = {https://onlinelibrary.wiley.com/doi/pdf/10.1002/cpe.5738},
    year = {2020}
}

@misc{KiTS10_results,
    author={{KiTS19 Challenge - Results}},
    title={Kidney Cancer Statistics},
    howpublished={Disponível em: https://kits19.grand-challenge.org/evaluation/results/},
    month = {may},
    note = {Acesso em: 05 de maio de 2020},
    year={2019}
}

@article{selvanayaki2010cad,
    title={CAD system for automatic detection of brain tumor through magnetic resonance image-a review},
    author={Selvanayaki, K and Karnan, M},
    journal={International Journal of Engineering Science and Technology},
    volume={2},
    number={10},
    pages={5890--5901},
    year={2010}
}

@article{padilla2011nmf,
    author={P. Padilla and M. Lopez and J. M. Gorriz and J. Ramirez and D. Salas-Gonzalez and I. Alvarez},
    journal={IEEE Transactions on Medical Imaging},
    title={NMF-SVM Based CAD Tool Applied to Functional Brain Images for the Diagnosis of Alzheimer's Disease},
    year={2012},
    volume={31},
    number={2},
    pages={207-216},
    doi={https://doi.org/10.1109/TMI.2011.2167628},
    ISSN={1558-254X},
    month={Feb},
}

@article{eldahshan20145526,
    author={El-Dahshan, E.A.-S. and Mohsen, H.M. and Revett, K. and Salem, A.-B.M.},
    title={Computer-aided diagnosis of human brain tumor through MRI: A survey and a new algorithm},
    journal={Expert Systems with Applications},
    year={2014},
    volume={41},
    number={11},
    pages={5526-5545},
    doi={https://doi.org/10.1016/j.eswa.2014.01.021}
}

@article{ghosn2019ossmar,
    author = {Ghosn, Marwan and Eid, Roland and Hamada, Emad and Abdel Azim, Hamdy and Zekri, Jamal and Al-Mansour, Mubarak and Jaloudi, Mohammed and Nasr, Fadi and Errihani, Hassan and Bounedjar, Adda and Mezlini, Amel and Boussen, Hamouda and Kattan, Joseph and El Karak, Fadi and Farhat, Fadi and },
    title = {OSSMAR: An Observational Study to Describe the Use of Sunitinib in Real-Life Practice for the Treatment of Metastatic Renal Cell Carcinoma},
    journal = {Journal of Global Oncology},
    volume = {},
    number = {5},
    pages = {1-10},
    year = {2019},
    doi = {https://doi.org/10.1200/JGO.18.00238},
    note = {PMID: 31657977},
    publisher={American Society of Clinical Oncology}
}

@article{seyfried2013origin,
    title={On the origin of cancer metastasis},
    author={Seyfried, Thomas N and Huysentruyt, Leanne C},
    journal={Critical reviews in oncogenesis},
    volume={18},
    number={1-2},
    pages={43-73},
    year={2013},
    doi={https://doi.org/10.1615/CritRevOncog.v18.i1-2.40},
    publisher={NIH Public Access}
}

@inproceedings{dallal2017automatic,
    author = {Ahmed H. Dallal and Chirag Agarwal and Mohammad R. Arbabshirani and Aalpen Patel and Gregory Moore},
    title = {{Automatic estimation of heart boundaries and cardiothoracic ratio from chest x-ray images}},
    volume = {10134},
    booktitle = {Medical Imaging 2017: Computer-Aided Diagnosis},
    editor = {Samuel G. Armato III and Nicholas A. Petrick},
    organization = {International Society for Optics and Photonics},
    publisher = {SPIE},
    pages = {134 -- 143},
    keywords = {Chest X-rays, Cardiothoracic ratio, Cardiomegaly, Heart boundary, Lung boundary},
    year = {2017},
    doi = {https://doi.org/10.1117/12.2254136}
}

@article{BERGERON2013216,
    title = "The pulmonologist's point of view on lung infiltrates in haematological malignancies",
    journal = "Diagnostic and Interventional Imaging",
    volume = "94",
    number = "2",
    pages = "216 - 220",
    year = "2013",
    note = "Haematological malignancies",
    issn = "2211-5684",
    doi = "https://doi.org/10.1016/j.diii.2012.12.004",
    author = "A. Bergeron",
    keywords = "Chest CT scan, Haematological malignancy, Lung disease"
}

%fala sobre a intensidade das lesões
@article{wood2015ct,
  title={CT and MR imaging for evaluation of cystic renal lesions and diseases},
  author={Wood III, Cecil G and Stromberg III, LeRoy J and Harmath, Carla B and Horowitz, Jeanne M and Feng, Chun and Hammond, Nancy A and Casalino, David D and Goodhartz, Lori A and Miller, Frank H and Nikolaidis, Paul},
  journal={Radiographics},
  volume={35},
  number={1},
  pages={125--141},
  year={2015},
  doi={https://doi.org/10.1148/rg.351130016},
  publisher={Radiological Society of North America}
}

@article{agnello2020ct,
  title={CT and MR imaging of cystic renal lesions},
  author={Agnello, Francesco and Albano, Domenico and Micci, Giuseppe and Di Buono, Giuseppe and Agrusa, Antonino and Salvaggio, Giuseppe and Pardo, Salvatore and Sparacia, Gianvincenzo and Bartolotta, Tommaso Vincenzo and Midiri, Massimo and Lagalla, Roberto and Galia, Massimo},
  journal={Insights into imaging},
  volume={11},
  number={1},
  pages={1--11},
  year={2020},
  doi={https://doi.org/10.1186/s13244-019-0826-3},
  publisher={Springer}
}

@ARTICLE{candemir2017,
    author={S. Candemir and S. Jaeger and K. Palaniappan and J. P. Musco and R. K. Singh and Z. Xue and A. Karargyris and S. Antani and G. Thoma and C. J. McDonald},
    journal={IEEE Transactions on Medical Imaging},
    title={Lung Segmentation in Chest Radiographs Using Anatomical Atlases With Nonrigid Registration},
    year={2014},
    volume={33},
    number={2},
    pages={577-590},
    doi={https://doi.org/10.1109/TMI.2013.2290491},
    ISSN={1558-254X},
    month={Feb},
}

@misc{1904.00445,
    Author = {Nicholas Heller and Niranjan Sathianathen and Arveen Kalapara and Edward Walczak and Keenan Moore and Heather Kaluzniak and Joel Rosenberg and Paul Blake and Zachary Rengel and Makinna Oestreich and Joshua Dean and Michael Tradewell and Aneri Shah and Resha Tejpaul and Zachary Edgerton and Matthew Peterson and Shaneabbas Raza and Subodh Regmi and Nikolaos Papanikolopoulos and Christopher Weight},
    Title = {The KiTS19 Challenge Data: 300 Kidney Tumor Cases with Clinical Context, CT Semantic Segmentations, and Surgical Outcomes},
    Year = {2019},
    Eprint = {1904.00445},
}

@article{CAMARGO2019,
   title = {{Research methodology topics: Cohort studies or prospective and retrospective cohort studies}},
   journal = {{Journal of Human Growth and Development}},
   author={Camargo, Lu\~A\-s Marcelo Aranha AND Silva, Romeu Paulo Martins AND Meneguetti, Dionatas Ulises de Oliveira},
   ISSN = {0104-1282},
   language = {en},
   URL = {http://pepsic.bvsalud.org/scielo.php?script=sci_arttext&pid=S0104-12822019000300016&nrm=iso},
   volume = {29},
   year = {2019},
   month = {12},
   pages = {433 - 436},
   publisher = {scielopepsic}
   }

@INPROCEEDINGS{Shehata7351646,
    author={M. Shehata and F. Khalifa and A. Soliman and R. Alrefai and M. A. El-Ghar and A. C. Dwyer and R. Ouseph and A. El-Baz},
    booktitle={2015 IEEE International Conference on Image Processing (ICIP)},
    title={A level set-based framework for 3D kidney segmentation from diffusion MR images},
    year={2015},
    volume={},
    number={},
    pages={4441-4445},
    doi={https://doi.org/10.1109/ICIP.2015.7351646},
    ISSN={null},
    month={Sep.}
}

@inproceedings{Hamed2012,
    author = {Hamed Akbari and Baowei Fei},
    title = {{Automatic 3D segmentation of the kidney in MR images using wavelet feature extraction and probability shape model}},
    volume = {8314},
    booktitle = {Medical Imaging 2012: Image Processing},
    editor = {David R. Haynor and Sébastien Ourselin},
    organization = {International Society for Optics and Photonics},
    publisher = {SPIE},
    pages = {973 -- 979},
    year = {2012},
    doi = {https://doi.org/10.1117/12.912028}
}

@book{gonzalez2008digital,
  title={Digital image processing},
  author={Gonzalez, Rafael and Woods, Richard},
  year={2008},
  pages={954},
  publisher={Pearson, Prentice Hall}
}

@ARTICLE{LungSegmentation2014,
    author={S. Candemir and S. Jaeger and K. Palaniappan and J. P. Musco and R. K. Singh and Z. Xue and A. Karargyris and S. Antani and G. Thoma and C. J. McDonald},
    journal={IEEE Transactions on Medical Imaging},
    title={Lung Segmentation in Chest Radiographs Using Anatomical Atlases With Nonrigid Registration},
    year={2014},
    volume={33},
    number={2},
    pages={577-590},
    doi={https://doi.org/10.1109/TMI.2013.2290491},
    ISSN={1558-254X},
    month={Feb},
}

@article{LeCun2015,
    author = {LeCun, Yann and Bengio, Y. and Hinton, Geoffrey},
    year = {2015},
    month = {05},
    pages = {436-44},
    title = {Deep Learning},
    volume = {521},
    journal = {Nature},
    doi = {https://doi.org/10.1038/nature14539}
}

@INPROCEEDINGS{LeCun2010,
    author={Y. {LeCun} and K. {Kavukcuoglu} and C. {Farabet}},
    booktitle={Proceedings of 2010 IEEE International Symposium on Circuits and Systems},
    title={Convolutional networks and applications in vision},
    year={2010},
    volume={},
    number={},
    pages={253-256},
    doi={https://doi.org/10.1109/ISCAS.2010.5537907},
    ISSN={2158-1525},
    month={May},
}

@misc{gauvreau19945,
  title={WHY 5-PERCENT},
  author={Gauvreau, K and Pagano, M},
  journal={Nutrition},
  volume={10},
  number={1},
  pages={93--94},
  year={1994},
  publisher={ELSEVIER SCIENCE INC 655 AVENUE OF THE AMERICAS, NEW YORK, NY 10010}
}

@inproceedings{long2015fully,
  title={Fully convolutional networks for semantic segmentation},
  author={Long, Jonathan and Shelhamer, Evan and Darrell, Trevor},
  booktitle={Proceedings of the IEEE conference on computer vision and pattern recognition},
  pages={3431--3440},
  doi = {10.1109/CVPR.2015.7298965},
  year={2015}
}

@INPROCEEDINGS{Tompson2015,
    author={J. {Tompson} and R. {Goroshin} and A. {Jain} and Y. {LeCun} and C. {Bregler}},
    booktitle={2015 IEEE Conference on Computer Vision and Pattern Recognition (CVPR)},
    title={Efficient object localization using Convolutional Networks},
    year={2015},
    volume={},
    number={},
    pages={648-656},
    doi={https://doi.org/10.1109/CVPR.2015.7298664},
    ISSN={1063-6919},
    month={June}
}

@article{statistical1982,
    author = {Cox, DR},
    title = {Statistical significance tests.},
    journal = {British Journal of Clinical Pharmacology},
    volume = {14},
    number = {3},
    pages = {325-331},
    doi = {10.1111/j.1365-2125.1982.tb01987.x},
    eprint = {https://bpspubs.onlinelibrary.wiley.com/doi/pdf/10.1111/j.1365-2125.1982.tb01987.x},
    year = {1982}
}

@article{zou2003,
    author = {Zou, Kelly H. and Fielding, Julia R. and Silverman, Stuart G. and Tempany, Clare M. C.},
    title = {Hypothesis Testing I: Proportions},
    journal = {Radiology},
    volume = {226},
    number = {3},
    pages = {609-613},
    year = {2003},
    doi = {10.1148/radiol.2263011500}
}

@PhdThesis{fernandes2013redes,
  title={Redes neurais com extra{\c{c}}{\~a}o impl{\'\i}cita de caracter{\'\i}sticas para reconhecimento de padr{\~o}es visuais},
  author={Fernandes, Bruno Jos{\'e} Torres},
  year={2013},
  OPTtype = {Tese de Doutorado},
  school={Universidade Federal de Pernambuco, Recife}
}

@article{hubel1998early,
  title={Early exploration of the visual cortex},
  author={Hubel, David H and Wiesel, Torsten N},
  journal={Neuron},
  volume={20},
  number={3},
  pages={401--412},
  year={1998},
  publisher={Elsevier}
}

@INPROCEEDINGS{Taigman2014,
    author={Y. {Taigman} and M. {Yang} and M. {Ranzato} and L. {Wolf}},
    booktitle={2014 IEEE Conference on Computer Vision and Pattern Recognition},
    title={DeepFace: Closing the Gap to Human-Level Performance in Face Verification},
    year={2014},
    volume={},
    number={},
    pages={1701-1708},
    doi={https://doi.org/10.1109/CVPR.2014.220},
    ISSN={1063-6919},
    month={June}
}

@INPROCEEDINGS{Wang2012,
    author={T. {Wang} and D. J. {Wu} and A. {Coates} and A. Y. {Ng}},
    booktitle={Proceedings of the 21st International Conference on Pattern Recognition (ICPR2012)},
    title={End-to-end text recognition with convolutional neural networks},
    year={2012},
    volume={},
    number={},
    pages={3304-3308},
    keywords={feature extraction;handwritten character recognition;multilayer perceptrons;natural scenes;text detection;unsupervised learning;end-to-end text recognition;convolutional neural network;natural image processing;multilayer neural network;unsupervised feature learning;text detection;character recognizer module;off-the-shelf method;scene text recognition system;Street View Text;ICDAR 2003;lexicon driven recognition system;Text recognition;Character recognition;Benchmark testing;Accuracy;Detectors;Neural networks;Standards},
    doi={},
    ISSN={1051-4651},
    month={Nov}
}

@article{BANDEIRADINIZ2018191,
    title = "Detection of mass regions in mammograms by bilateral analysis adapted to breast density using similarity indexes and convolutional neural networks",
    journal = "Computer Methods and Programs in Biomedicine",
    volume = "156",
    pages = "191 - 207",
    year = "2018",
    issn = "0169-2607",
    doi = "https://doi.org/10.1016/j.cmpb.2018.01.007",
    author = "João Otávio Bandeira Diniz and Pedro Henrique Bandeira Diniz and Thales Levi Azevedo Valente and Aristófanes Corrêa Silva and Anselmo Cardoso de Paiva and Marcelo Gattass"
}

@article{diniz2019spinal,
    title={Spinal cord detection in planning CT for radiotherapy through adaptive template matching, IMSLIC and convolutional neural networks},
    author={Diniz, Jo{\~a}o Ot{\'a}vio Bandeira and Diniz, Pedro Henrique Bandeira and Valente, Thales Levi Azevedo and Silva, Arist{\'o}fanes Corr{\^e}a and Paiva, Anselmo Cardoso},
    journal={Computer methods and programs in biomedicine},
    volume={170},
    pages={53--67},
    year={2019},
    doi={https://doi.org/10.1016/j.cmpb.2019.01.005},
    publisher={Elsevier}
}

@inproceedings{ronneberger2015u,
    title={U-net: Convolutional networks for biomedical image segmentation},
    author={Ronneberger, Olaf and Fischer, Philipp and Brox, Thomas},
    booktitle={International Conference on Medical image computing and computer-assisted intervention},
    pages={234--241},
    year={2015},
    volume = {9351},
    isbn = {978-3-319-24573-7},
    doi={https://doi.org/10.1007/978-3-319-24574-4{\_}28},
    organization={Springer}
}

@book{duda1973pattern,
    title={Pattern classification and scene analysis},
    author={Duda, Richard},
    publisher={Wiley-Interscience Publication, 512},
    pages={512},
    year={1973}
}

@article{levandowsky1971distance,
    title={Distance between sets},
    author={Levandowsky, Michael and Winter, David},
    journal={Nature},
    volume={234},
    number={5323},
    pages={34--35},
    year={1971},
    doi={https://doi.org/10.1038/234034a0},
    publisher={Springer}
}

@article{abadi2015tensorflow,
    title={TensorFlow: Large-scale machine learning on heterogeneous distributed systems},
    author={Abadi, Mart{\i}n and Agarwal, Ashish and Barham, Paul and Brevdo, Eugene and Chen, Zhifeng and Citro, Craig and Corrado, Greg S and Davis, Andy and Dean, Jeffrey and Devin, Matthieu and others},
    journal={Software available from tensorflow.org},
    year={2015}
}

@article{Lih2006,
    author = {Lih-Yuan Deng},
    title = {The Cross-Entropy Method: A Unified Approach to Combinatorial Optimization, Monte-Carlo Simulation, and Machine Learning},
    journal = {Technometrics},
    volume = {48},
    number = {1},
    pages = {147-148},
    year  = {2006},
    publisher = {Taylor & Francis},
    doi = {https://doi.org/10.1198/tech.2006.s353},
}

@InProceedings{Xavier2010,
  title = {Understanding the difficulty of training deep feedforward neural networks},
  author = {Xavier Glorot and Yoshua Bengio},
  booktitle = {Proceedings of the Thirteenth International Conference on Artificial Intelligence and Statistics},
  pages = {249--256},
  year = {2010},
  editor = {Yee Whye Teh and Mike Titterington},
  volume = {9},
  series = {Proceedings of Machine Learning Research},
  address = {Chia Laguna Resort, Sardinia, Italy},
  month = {13--15 May},
  publisher = {PMLR}
}

@inproceedings{bjorck2018understanding,
  title={Understanding batch normalization},
  author={Bjorck, Nils and Gomes, Carla P and Selman, Bart and Weinberger, Kilian Q},
  booktitle={Advances in Neural Information Processing Systems},
  pages={7694--7705},
  year={2018}
}

@book{goodfellow2016deep,
  title={Deep learning},
  author={Goodfellow, Ian and Bengio, Yoshua and Courville, Aaron},
  pages={800},
  year={2016},
  publisher={MIT press}
}

@article{bray2018global,
  title={Global cancer statistics 2018: GLOBOCAN estimates of incidence and mortality worldwide for 36 cancers in 185 countries},
  author={Bray, Freddie and Ferlay, Jacques and Soerjomataram, Isabelle and Siegel, Rebecca L and Torre, Lindsey A and Jemal, Ahmedin},
  journal={CA: a cancer journal for clinicians},
  volume={68},
  number={6},
  pages={394--424},
  year={2018},
  publisher={Wiley Online Library}
}

@article{ferlay2015cancer,
  title={Cancer incidence and mortality worldwide: sources, methods and major patterns in GLOBOCAN 2012},
  author={Ferlay, Jacques and Soerjomataram, Isabelle and Dikshit, Rajesh and Eser, Sultan and Mathers, Colin and Rebelo, Marise and Parkin, Donald Maxwell and Forman, David and Bray, Freddie},
  journal={International journal of cancer},
  volume={136},
  number={5},
  pages={E359--E386},
  year={2015},
  publisher={Wiley Online Library}
}

@article{diniz2020esophagus,
  title={Esophagus segmentation from planning CT images using an atlas-based deep learning approach},
  author={Diniz, Jo{\~a}o Ot{\'a}vio Bandeira and Ferreira, Jonnison Lima and Diniz, Pedro Henrique Bandeira and Silva, Arist{\'o}fanes Corr{\^e}a and de Paiva, Anselmo Cardoso},
  journal={Computer Methods and Programs in Biomedicine},
  pages={105685},
  year={2020},
  publisher={Elsevier}
}

@article{xu2020checkpoint,
  title={Checkpoint inhibitor immunotherapy in kidney cancer},
  author={Xu, Wenxin and Atkins, Michael B and McDermott, David F},
  journal={Nature Reviews Urology},
  pages={1--14},
  year={2020},
  publisher={Nature Publishing Group}
}

@article{kaur2016survey,
  title={A survey of different imaging modalities for renal cancer},
  author={Kaur, R and Juneja, M},
  journal={Indian Journal of Science and Technology},
  volume={9},
  doi={https://doi.org/10.17485/ijst/2016/v9i44/105067},
  number={44},
  pages={1--6},
  year={2016}
}

@article{adam2014,
    author = {Kingma, Diederik and Ba, Jimmy},
    year = {2014},
    month = {12},
    pages = {},
    title = {Adam: A Method for Stochastic Optimization},
    journal = {International Conference on Learning Representations}
}

@article{dice1945,
    ISSN = {00129658, 19399170},
    author = {Lee R. Dice},
    journal = {Ecology},
    number = {3},
    pages = {297--302},
    publisher = {Ecological Society of America},
    title = {Measures of the Amount of Ecologic Association Between Species},
    doi = {https://doi.org/10.2307/1932409},
    volume = {26},
    year = {1945}
}

@article{da2020kidney,
  title={Kidney segmentation from computed tomography images using deep neural network},
  author={da Cruz, Luana Batista and Ara{\'u}jo, Jos{\'e} Denes Lima and Ferreira, Jonnison Lima and Diniz, Jo{\~a}o Ot{\'a}vio Bandeira and Silva, Arist{\'o}fanes Corr{\^e}a and de Almeida, Jo{\~a}o Dallyson Sousa and de Paiva, Anselmo Cardoso and Gattass, Marcelo},
  journal={Computers in Biology and Medicine},
  pages={103906},
  year={2020},
  issn ={0010-4825},
  doi={https://doi.org/10.1016/j.compbiomed.2020.103906},
  publisher={Elsevier}
}

@article{chen2017dual,
  title={Dual path networks},
  author={Chen, Yunpeng and Li, Jianan and Xiao, Huaxin and Jin, Xiaojie and Yan, Shuicheng and Feng, Jiashi},
  journal={Advances in neural information processing systems},
  volume={30},
  pages={4467--4475},
  year={2017}
}

@inproceedings{xie2017aggregated,
  title={Aggregated residual transformations for deep neural networks},
  author={Xie, Saining and Girshick, Ross and Doll{\'a}r, Piotr and Tu, Zhuowen and He, Kaiming},
  booktitle={Proceedings of the IEEE conference on computer vision and pattern recognition},
  pages={1492--1500},
  year={2017}
}

@inproceedings{deng2009imagenet,
  title={Imagenet: A large-scale hierarchical image database},
  author={Deng, Jia and Dong, Wei and Socher, Richard and Li, Li-Jia and Li, Kai and Fei-Fei, Li},
  booktitle={2009 IEEE conference on computer vision and pattern recognition},
  pages={248--255},
  year={2009},
  organization={Ieee}
}

@inproceedings{chen2018encoder,
  title={Encoder-decoder with atrous separable convolution for semantic image segmentation},
  author={Chen, Liang-Chieh and Zhu, Yukun and Papandreou, George and Schroff, Florian and Adam, Hartwig},
  booktitle={Proceedings of the European conference on computer vision (ECCV)},
  pages={801--818},
  year={2018}
}
  
@INPROCEEDINGS{Huang8099726,
  author={Huang, Gao and Liu, Zhuang and Van Der Maaten, Laurens and Weinberger, Kilian Q.},
  booktitle={2017 IEEE Conference on Computer Vision and Pattern Recognition (CVPR)}, 
  title={Densely Connected Convolutional Networks}, 
  year={2017},
  volume={},
  number={},
  pages={2261-2269},
  doi={10.1109/CVPR.2017.243}}
}

@INPROCEEDINGS{He7780459,
    author={K. He and X. Zhang and S. Ren and J. Sun},
    booktitle={2016 IEEE Conference on Computer Vision and Pattern Recognition (CVPR)},
    title={Deep Residual Learning for Image Recognition},
    year={2016},
    volume={},
    number={},
    pages={770-778},
    doi={https://doi.org/10.1109/CVPR.2016.90}
}

@article{hamerly2003learning,
  title={Learning the k in k-means},
  author={Hamerly, Greg and Elkan, Charles},
  journal={Advances in neural information processing systems},
  volume={16},
  year={2003}
}

@book{brownlee2018better,
  title={Better deep learning: train faster, reduce overfitting, and make better predictions},
  author={Brownlee, Jason},
  year={2018},
  publisher={Machine Learning Mastery}
}

@inproceedings{bergstra2013making,
  title={Making a science of model search: Hyperparameter optimization in hundreds of dimensions for vision architectures},
  author={Bergstra, James and Yamins, Daniel and Cox, David},
  booktitle={International conference on machine learning},
  pages={115--123},
  year={2013},
  organization={PMLR}
}

@misc{li2018pyramid,
      title={Pyramid Attention Network for Semantic Segmentation}, 
      author={Hanchao Li and Pengfei Xiong and Jie An and Lingxue Wang},
      year={2018},
      eprint={1805.10180},
      archivePrefix={arXiv},
      primaryClass={cs.CV}
}

@article{burman1989comparative,
  title={A comparative study of ordinary cross-validation, v-fold cross-validation and the repeated learning-testing methods},
  author={Burman, Prabir},
  journal={Biometrika},
  volume={76},
  number={3},
  pages={503--514},
  year={1989},
  publisher={Oxford University Press}
}

@inproceedings{macqueen1967some,
  title={Some methods for classification and analysis of multivariate observations},
  author={MacQueen, James and others},
  booktitle={Proceedings of the fifth Berkeley symposium on mathematical statistics and probability},
  volume={1},
  number={14},
  pages={281--297},
  year={1967},
  organization={Oakland, CA, USA}
}

@article{shorten2019survey,
  title={A survey on image data augmentation for deep learning},
  author={Shorten, Connor and Khoshgoftaar, Taghi M},
  journal={Journal of Big Data},
  volume={6},
  number={1},
  pages={60},
  year={2019},
  doi={https://doi.org/10.1186/s40537-019-0197-0},
  publisher={Springer}
}

@article{kukavcka2017regularization,
  title={Regularization for deep learning: A taxonomy},
  author={Kuka{\v{c}}ka, Jan and Golkov, Vladimir and Cremers, Daniel},
  journal={arXiv preprint arXiv:1710.10686},
  year={2017}
}

@inproceedings{mikolajczyk2018data,
  title={Data augmentation for improving deep learning in image classification problem},
  author={Miko{\l}ajczyk, Agnieszka and Grochowski, Micha{\l}},
  booktitle={2018 international interdisciplinary PhD workshop (IIPhDW)},
  pages={117--122},
  year={2018},
  organization={IEEE}
}

@article{yang2020weakly,
  title={Weakly-supervised convolutional neural networks of renal tumor segmentation in abdominal CTA images},
  author={Yang, Guanyu and Wang, Chuanxia and Yang, Jian and Chen, Yang and Tang, Lijun and Shao, Pengfei and Dillenseger, Jean-Louis and Shu, Huazhong and Luo, Limin},
  journal={BMC Medical Imaging},
  volume={20},
  pages={1--12},
  doi={https://doi.org/10.1186/s12880-020-00435-w},
  year={2020},
  publisher={Springer}
}

@article{kaur2019hybrid,
  title={A hybrid edge-based technique for segmentation of renal lesions in CT images},
  author={Kaur, Ravinder and Juneja, Mamta and Mandal, Arup Kumar},
  journal={Multimedia Tools and Applications},
  volume={78},
  number={10},
  pages={12917--12937},
  doi={https://doi.org/10.1007/s11042-018-6421-7},
  year={2019},
  publisher={Springer}
}

@INPROCEEDINGS{PanT8802924,
  author={T. Pan and G. Yang and C. Wang and Z. Lu and Z. Zhou and Y. Kong and L. Tang and X. Zhu and J. Dillenseger and H. Shu and J. Coatrieux},
  booktitle={2019 IEEE International Conference on Image Processing (ICIP)}, 
  title={A Multi-Task Convolutional Neural Network for Renal Tumor Segmentation and Classification Using Multi-Phasic CT Images}, 
  year={2019},
  volume={},
  number={},
  pages={809-813},
  doi={https://doi.org/10.1109/ICIP.2019.8802924}
}

@article{turk2020kidney,
  title={Kidney and Renal Tumor Segmentation Using a Hybrid V-Net-Based Model},
  author={T{\"u}rk, Fuat and L{\"u}y, Murat and Bar{\i}{\c{s}}{\c{c}}{\i}, Necaattin},
  journal={Mathematics},
  volume={8},
  number={10},
  pages={1772},
  doi={https://doi.org/10.3390/math8101772},
  year={2020},
  publisher={Multidisciplinary Digital Publishing Institute}
}

@article{RUAN2020101721,
    title = "MB-FSGAN: Joint segmentation and quantification of kidney tumor on CT by the multi-branch feature sharing generative adversarial network",
    journal = "Medical Image Analysis",
    volume = "64",
    pages = "101721",
    year = "2020",
    issn = "1361-8415",
    doi = "https://doi.org/10.1016/j.media.2020.101721",
    url = "http://www.sciencedirect.com/science/article/pii/S1361841520300852",
    author = "Yanan Ruan and Dengwang Li and Harry Marshall and Timothy Miao and Tyler Cossetto and Ian Chan and Omar Daher and Fabio Accorsi and Aashish Goela and Shuo Li"
}

@ARTICLE{jackson2018deep,
    author={Jackson, Price and Hardcastle, Nicholas and Dawe, Noel and Kron, Tomas and Hofman, Michael S. and Hicks, Rodney J.},   
    title={Deep Learning Renal Segmentation for Fully Automated Radiation Dose Estimation in Unsealed Source Therapy},      
    journal={Frontiers in Oncology},      
    volume={8},      
    pages={215},     
    year={2018},      
    doi={https://doi.org/10.3389/fonc.2018.00215},      
    issn={2234-943X}
}

@INPROCEEDINGS{Yan9098325,
    author={Yan, Xu and Yuan, Kun and Zhao, Weibing and Wang, Sheng and Li, Zhen and Cui, Shuguang},
    booktitle={2020 IEEE 17th International Symposium on Biomedical Imaging (ISBI)},
    title={An Efficient Hybrid Model for Kidney Tumor Segmentation in CT Images},
    year={2020},
    volume={},
    number={},
    pages={333-336},
    doi={10.1109/ISBI45749.2020.9098325}
}

@misc{Turk2020,
	title = {Comparison of Unet3D Models for Kidney Tumor Segmentation},
	author = {Turk, Fuat and Luy, Murat and Barisci, Necaattin},
	doi = {https://doi.org/10.20944/preprints202001.0314.v1},
	publisher = {Preprints.org},
	year = {2020}
}

@article{QAYYUM2020104097,
    title = "Automatic segmentation of tumors and affected organs in the abdomen using a 3D hybrid model for computed tomography imaging",
    author= "Qayyum, Abdul and Lalande, Alain and Meriaudeau, Fabrice",
    journal = "Computers in Biology and Medicine",
    volume = "127",
    pages = "104097",
    year = "2020",
    issn = "0010-4825",
    doi = "https://doi.org/10.1016/j.compbiomed.2020.104097"
}

@article{krizhevsky2012imagenet,
  title={Imagenet classification with deep convolutional neural networks},
  author={Krizhevsky, Alex and Sutskever, Ilya and Hinton, Geoffrey E},
  journal={Advances in neural information processing systems},
  volume={25},
  pages={1097--1105},
  year={2012}
}

@article{christ2017automatic,
  title={Automatic liver and tumor segmentation of CT and MRI volumes using cascaded fully convolutional neural networks},
  author={Patrick Ferdinand Christ and Florian Ettlinger and Felix Gr{\"u}n and Mohamed Ezzeldin A. Elshaera and Jana Lipkova and Sebastian Schlecht and Freba Ahmaddy and Sunil Tatavarty and Marc Bickel and Patrick Bilic and Markus Rempfler and Felix Hofmann and Melvin D Anastasi and Seyed-Ahmad Ahmadi and Georgios Kaissis and Julian Holch and Wieland Sommer and Rickmer Braren and Volker Heinemann and Bjoern Menze},
  journal={arXiv preprint arXiv:1702.05970},
  year={2017}
}

@article{HELLER2021101821,
    title = "The state of the art in kidney and kidney tumor segmentation in contrast-enhanced CT imaging: Results of the KiTS19 challenge",
    journal = "Medical Image Analysis",
    volume = "67",
    pages = "101821",
    year = "2021",
    issn = "1361-8415",
    doi = "https://doi.org/10.1016/j.media.2020.101821",
    author = "Nicholas Heller and Fabian Isensee and Klaus H. Maier-Hein and Xiaoshuai Hou and Chunmei Xie and Fengyi Li and Yang Nan and Guangrui Mu and Zhiyong Lin and Miofei Han and Guang Yao and Yaozong Gao and Yao Zhang and Yixin Wang and Feng Hou and Jiawei Yang and Guangwei Xiong and Jiang Tian and Cheng Zhong and Jun Ma and Jack Rickman and Joshua Dean and Bethany Stai and Resha Tejpaul and Makinna Oestreich and Paul Blake and Heather Kaluzniak and Shaneabbas Raza and Joel Rosenberg and Keenan Moore and Edward Walczak and Zachary Rengel and Zach Edgerton and Ranveer Vasdev and Matthew Peterson and Sean McSweeney and Sarah Peterson and Arveen Kalapara and Niranjan Sathianathen and Nikolaos Papanikolopoulos and Christopher Weight"
}

%--------------Referências antigas

@inproceedings{khalifa2011new,
    author={F. Khalifa and G. Gimel'farb and M. A. El-Ghar and G. Sokhadze and S. Manning and P. McClure and R. Ouseph and A. El-Baz},
    booktitle={2011 18th IEEE International Conference on Image Processing},
    title={A new deformable model-based segmentation approach for accurate extraction of the kidney from abdominal CT images},
    year={2011},
    volume={},
    number={},
    pages={3393-3396},
    doi={https://doi.org/10.1109/ICIP.2011.6116438},
    ISSN={1522-4880},
    month={Sep.},
}

@article{Zhao2013ContextualIK,
    author = {Zhao, Enwei and Liang, Yanmei and Fan, Hailun},
    year = {2013},
    month = {03},
    pages = {55–62},
    title = {Contextual information-aided kidney segmentation in CT sequences},
    volume = {290},
    ISSN = {0030-4018},
    journal = {Optics Communications},
    doi = {https://doi.org/10.1016/j.optcom.2012.10.033}
}

@INPROCEEDINGS{Haghighi2018,
    author={M. {Haghighi} and S. K. {Warfield} and S. {Kurugol}},
    booktitle={2018 IEEE 15th International Symposium on Biomedical Imaging (ISBI 2018)},
    title={Automatic renal segmentation in DCE-MRI using convolutional neural networks},
    year={2018},
    volume={},
    number={},
    pages={1534-1537},
    doi={https://doi.org/10.1109/ISBI.2018.8363865},
    ISSN={1945-8452},
    month={April}
}

@inproceedings{bakovs2007active,
    title={Active contours and their utilization at image segmentation},
    author={Bako{\v{s}}, Mari{\'a}n},
    booktitle={5th Slovakian-Hungarian Joint symposium on applied machine intelligence and informatics, Poprad, Slovakia},
    pages={313-317},
    year={2007}
}

@misc{world_cancer,
    author={World Cancer Research Fund},
    title={Kidney Cancer Statistics},
    howpublished={Disponível em: \url{https://www.wcrf.org/dietandcancer/cancer-trends/kidney-cancer-statistics}},
    month = {november},
    note = {Acesso em: 27 de nov. de 2020},
    year={2019}
}

@misc{american_cancer,
    title={What is kidney cancer?},
    howpublished={Disponível em: \url{https://www.cancer.org/cancer/kidney-cancer/about/what-is-kidney-cancer}},
    month={August},
    year={2017},
    author={American Cancer Society},
    note = {Acesso em: 27 de nov. de 2020}
}

@misc{urology_care,
    title={What is a Renal Mass and What is a Localized Renal Tumor?},
    howpublished={Disponível em: \url{https://www.urologyhealth.org/urology-a-z/r/renal-mass-and-localized-renal-tumors}},
    month={August},
    year={2021},
    author={Urology Care},
    note = {Acesso em: 28 de abril de 2021}
}

@misc{NIFTI,
    author={Neuroimaging Informatics Technology Initiative},
    title={NIfTI},
    howpublished={Disponível em: \url{https://nifti.nimh.nih.gov/}},
    month = {november},
    note = {Acesso em: 27 de nov. de 2020},
    year={2000}
}

@misc{KiTS10_results,
    author={KiTS19 Challenge - Results},
    title={Kidney Cancer Statistics},
    howpublished={Disponível em: \url{https://kits19.grand-challenge.org/evaluation/results/}},
    month = {may},
    note = {Acesso em: 05 de maio de 2020},
    year={2019}
}

@misc{tim_newman,
    author={Tim Newman},
    title={What do the kidneys do?},
    howpublished={Disponível em: \url{https://www.medicalnewstoday.com/articles/305488}},
    month = {Fevereiro},
    note = {Acesso em: 03 de maio de 2021},
    year={2019}
}

@misc{oliver_jones,
    author={Oliver Jones},
    title={The Kidneys},
    howpublished={Disponível em: \url{https://teachmeanatomy.info/abdomen/viscera/kidney/}},
    month = {Maio},
    note = {Acessado 03 Maio 2021},
    year={2019}
}

@misc{vanessa_sardinha,
    author={Vanessa Sardinha dos Santos},
    title={Rins},
    howpublished={Disponível em: \url{https://brasilescola.uol.com.br/biologia/os-rins.htm}},
    month = {Maio},
    note = {Acesso em: 03 de maio de 2021},
    year={2019}
}

@misc{equipamento_CT,
    author={Evan Tully},
    title={CT Scanners, Diagnostic Imaging Equipment},
    howpublished={Disponível em: \url{https://www.oncologysystems.com/blog/everybody-know-buying-used-ge-ct-scanner}},
    month = {Junho},
    note = {Acesso em: 10 de jun. de 2021},
    year={2016}
}

@article{gwynne2012image,
  title={Image-guided radiotherapy for rectal cancer—A Systematic review},
  author={Gwynne, S and Webster, R and Adams, R and Mukherjee, S and Coles, B and Staffurth, J},
  journal={Clinical Oncology},
  volume={24},
  number={4},
  pages={250--260},
  year={2012},
  publisher={Elsevier}
}

@INPROCEEDINGS{7424483,
    author={Goceri, Numan and Goceri, Evgin},
    booktitle={2015 IEEE 14th International Conference on Machine Learning and Applications (ICMLA)},
    title={A Neural Network Based Kidney Segmentation from MR Images},
    year={2015},
    volume={},
    number={},
    pages={1195-1198},
    doi={10.1109/ICMLA.2015.229}
}

@misc{uk_cancer,
    title={Risk Factors for Kidney Cancer},
    howpublished={Disponível em: \url{https://www.kcuk.org.uk/kidneycancer/what-is-kidney-cancer/causes-of-kidney-cancer/}},
    year={2019},
    author={Kidney Cancer UK},
    note = {Acesso em: 11 de maio de 2021}
}

@misc{urology_health,
    title={What is kidney cancer?},
    howpublished={Disponível em: \url{https://www.urologyhealth.org/urology-a-z/k/kidney-cancer}},
    year={2021},
    author={Urology Health},
    note = {Acesso em: 11 de maio de 2021}
}

@article{bergstra2011algorithms,
  title={Algorithms for hyper-parameter optimization},
  author={Bergstra, James and Bardenet, R{\'e}mi and Bengio, Yoshua and K{\'e}gl, Bal{\'a}zs},
  journal={Advances in neural information processing systems},
  volume={24},
  year={2011}
}

@incollection{ADAMS2012277,
    title = {Chapter 12 - Radiology},
    editor = {Francis H. Glorieux and John M. Pettifor and Harald Jüppner},
    booktitle = {Pediatric Bone (Second Edition)},
    publisher = {Academic Press},
    edition = {Second Edition},
    address = {San Diego},
    pages = {277-307},
    year = {2012},
    isbn = {978-0-12-382040-2},
    doi = {https://doi.org/10.1016/B978-0-12-382040-2.10012-7},
    author = {Judith E. Adams and Zulf Mughal and John Damilakis and Amaka C. Offiah}
}

@Inbook{Buzug2011,
    author="Buzug, Thorsten M.",
    editor="Kramme, R{\"u}diger
    and Hoffmann, Klaus-Peter
    and Pozos, Robert S.",
    title="Computed Tomography",
    bookTitle="Springer Handbook of Medical Technology",
    year="2011",
    publisher="Springer Berlin Heidelberg",
    address="Berlin, Heidelberg",
    pages="311--342",
    isbn="978-3-540-74658-4",
    doi="https://doi.org/10.1007/978-3-540-74658-4_16"
}

@article{joshi2013modified,
  title={Modified k-means for better initial cluster centres},
  author={Joshi, Kalpana D and Nalwade, PS},
  journal={International Journal of Computer Science and Mobile Computing},
  volume={2},
  number={7},
  pages={219--223},
  year={2013}
}

@incollection{goceri2011automatic,
  title={Automatic kidney segmentation using Gaussian mixture model on MRI sequences},
  author={Goceri, Evgin},
  booktitle={Electrical Power Systems and Computers},
  pages={23--29},
  year={2011},
  publisher={Springer},
  doi={doi.org/10.1007/978-3-642-21747-0_4}
}

@PhdThesis{Giovanni2021,
	author = {da Silva, Giovanni Lucca França.},
	title = {Métodos computacionais baseados em superpixels para segmentação automática da próstata em imagens de ressonância magnética 3D.},
	OPTtype = {Tese de Doutorado},
	school = {Universidade Federal do Maranhão, Programa de Pós-Graduação em Engenharia Elétrica. São Luís - MA},
	year = {2021}
}

@PhdThesis{diniz2021metodos,
  author = {DINIZ, Joao Ot{\'a}vio Bandeira},
  title = {M{\'e}todos para segmenta{\c{c}}{\~a}o de medula espinhal e es{\^o}fago em tomografia computadorizada de planejamento {\`a} radioterapia},
  OPTtype = {Tese de Doutorado},
  school = {Universidade Federal do Maranh{\~a}o, Programa de Pós-Graduação em Engenharia Elétrica. São Luís - MA},
  year = {2021}
}

@ARTICLE{ResUnet_8309343,  
    author={Zhang, Zhengxin and Liu, Qingjie and Wang, Yunhong},  
    journal={IEEE Geoscience and Remote Sensing Letters},   
    title={Road Extraction by Deep Residual U-Net},   
    year={2018},  
    volume={15},  
    number={5},  
    pages={749-753},  
    doi={10.1109/LGRS.2018.2802944}
}

@book{pedrini2008analise,
	title={An{\'a}lise de imagens digitais: princ{\'\i}pios, algoritmos e aplica{\c{c}}{\~o}es},
	author={Pedrini, H{\'e}lio and Schwartz, William Robson},
	year={2008},
	publisher={Thomson Learning}
}

@PhdThesis{BRAZ:2014,
	author = {Junior Braz, Geraldo.},
	title = {Detecção de regiões de massas em mamografias usando índices de diversidade, geoestatística e geometria côncava.},
	OPTtype = {Tese de Doutorado},
	school = {Universidade Federal do Maranhão, Programa de Pós-Graduação em Engenharia de Eletricidade. São Luis - MA},
	year = {2014},
	date = {2014}	
}

@article{YANG2022106616,
    title = {3D multi-scale residual fully convolutional neural network for segmentation of extremely large-sized kidney tumor},
    journal = {Computer Methods and Programs in Biomedicine},
    volume = {215},
    pages = {106616},
    year = {2022},
    issn = {0169-2607},
    doi = {https://doi.org/10.1016/j.cmpb.2022.106616},
    url = {https://www.sciencedirect.com/science/article/pii/S0169260722000013},
    author = {Ehwa Yang and Chan Kyo Kim and Yi Guan and Bang-Bon Koo and Jae-Hun Kim},
    keywords = {Kidney, Kidney tumor, Medical image, Segmentation, Deep learning, Fully convolutional neural network}
}

@article{Lin2021,
    author = {Lin, Zhiyong and Cui, Yingpu and Liu, Jia and Sun, Zhaonan and Ma, Shuai and Zhang, Xiaodong and Wang, Xiao-ying},
    year = {2021},
    month = {01},
    pages = {},
    title = {Automated segmentation of kidney and renal mass and automated detection of renal mass in CT urography using 3D U-Net-based deep convolutional neural network},
    volume = {31},
    journal = {European Radiology},
    doi = {10.1007/s00330-020-07608-9}
}

@inproceedings{ghafoorian20166246,
    title={Transfer learning for domain adaptation in mri: Application in brain lesion segmentation},
    author={Ghafoorian, Mohsen and Mehrtash, Alireza and Kapur, Tina and Karssemeijer, Nico and Marchiori, Elena and Pesteie, Mehran and Guttmann, Charles RG and de Leeuw, Frank-Erik and Tempany, Clare M and Van Ginneken, Bram and others},
    booktitle={International conference on medical image computing and computer-assisted intervention},
    pages={516--524},
    doi={https://doi.org/10.1007/978-3-319-66179-7{\_}59},
    year={2017},
    organization={Springer International Publishing}
}

@article{XUAN2022107360,
    title = {Dynamic graph convolutional autoencoder with node-attribute-wise attention for kidney and tumor segmentation from CT volumes},
    journal = {Knowledge-Based Systems},
    volume = {236},
    pages = {107360},
    year = {2022},
    issn = {0950-7051},
    doi = {https://doi.org/10.1016/j.knosys.2021.107360},
    url = {https://www.sciencedirect.com/science/article/pii/S0950705121006225},
    author = {Ping Xuan and Hui Cui and Hongda Zhang and Tiangang Zhang and Linlin Wang and Toshiya Nakaguchi and Henry B.L. Duh},
    keywords = {Kidney and tumor segmentation, Graph node attributes, Dynamic graph convolutional autoencoder, Node-attribute-wise attention, Long-distance relationship between nodes}
}

@INPROCEEDINGS{9534007,
  author={Les, Tomasz and Markiewcz, Tomasz and Dziekiewicz, Miroslaw and Lorent, Malgorzata},
  booktitle={2021 International Joint Conference on Neural Networks (IJCNN)}, 
  title={Kidney segmentation from computed tomography images using U-Net and batch-based synthesis}, 
  year={2021},
  volume={},
  number={},
  pages={1-8},
  doi={10.1109/IJCNN52387.2021.9534007}
}

@article{GWYNNE2012250,
    title = "Image-guided Radiotherapy for Rectal Cancer — A Systematic Review",
    journal = "Clinical Oncology",
    volume = "24",
    number = "4",
    pages = "250 - 260",
    year = "2012",
    issn = "0936-6555",
    doi = "https://doi.org/10.1016/j.clon.2011.07.012",
    author = "S. Gwynne and R. Webster and R. Adams and S. Mukherjee and B. Coles and J. Staffurth"
}

@Article{Rossi2018,
    author="Rossi, Sabrina H.
    and Klatte, Tobias
    and Usher-Smith, Juliet
    and Stewart, Grant D.",
    title="Epidemiology and screening for renal cancer",
    journal="World Journal of Urology",
    year="2018",
    month="Sep",
    day="01",
    volume="36",
    number="9",
    pages="1341--1353",
    issn="1433-8726",
    doi="https://doi.org/10.1007/s00345-018-2286-7",
    publisher="Springer"
}

@article{znaor2015international,
    title={International variations and trends in renal cell carcinoma incidence and mortality},
    author={Znaor, Ariana and Lortet-Tieulent, Joannie and Laversanne, Mathieu and Jemal, Ahmedin and Bray, Freddie},
    journal={European urology},
    volume={67},
    number={3},
    pages={519--530},
    doi={https://doi.org/10.1016/j.eururo.2014.10.002},
    year={2015},
    publisher={Elsevier}
}

@article{SHUCH201585,
    title = "Understanding Pathologic Variants of Renal Cell Carcinoma: Distilling Therapeutic Opportunities from Biologic Complexity",
    journal = "European Urology",
    volume = "67",
    number = "1",
    pages = "85 - 97",
    year = "2015",
    issn = "0302-2838",
    doi = "https://doi.org/10.1016/j.eururo.2014.04.029",
    author = "Brian Shuch and Ali Amin and Andrew J. Armstrong and John N. Eble and Vincenzo Ficarra and Antonio Lopez-Beltran and Guido Martignoni and Brian I. Rini and Alexander Kutikov"
}

@INPROCEEDINGS{Shehata7351646,
    author={M. Shehata and F. Khalifa and A. Soliman and R. Alrefai and M. A. El-Ghar and A. C. Dwyer and R. Ouseph and A. El-Baz},
    booktitle={2015 IEEE International Conference on Image Processing (ICIP)},
    title={A level set-based framework for 3D kidney segmentation from diffusion MR images},
    year={2015},
    volume={},
    number={},
    pages={4441-4445},
    doi={https://doi.org/10.1109/ICIP.2015.7351646},
    ISSN={null},
    month={Sep.}
}

@inproceedings{Hamed2012,
    author = {Hamed Akbari and Baowei Fei},
    title = {Automatic 3D segmentation of the kidney in MR images using wavelet feature extraction and probability shape model},
    volume = {8314},
    booktitle = {Medical Imaging 2012: Image Processing},
    editor = {David R. Haynor and Sébastien Ourselin},
    organization = {International Society for Optics and Photonics},
    publisher = {SPIE},
    pages = {973 -- 979},
    year = {2012},
    doi = {https://doi.org/10.1117/12.912028}
}

@misc{Hands2017,
    title={A Tutorial Series for Software Developers, Data Scientists, and Data Center Managers},
    howpublished={Disponível em: \url{https://software.intel.com/en-us/articles/hands-on-ai-part-14-image-data-preprocessing-and-augmentation}},
    year={2017},
    author={Hands-On AI Part 14: Image Data Preprocessing and Augmentation},
    note = {Acesso em: 03 de março de 2019}
}

@misc{Yash2021,
    title={The Challenge of Vanishing/Exploding Gradients in Deep Neural Networks},
    howpublished={Disponível em: \url{https://www.analyticsvidhya.com/blog/2021/06/the-challenge-of-vanishing-exploding-gradients-in-deep-neural-networks/}},
    year={2021},
    author={Yash Bohra},
    note = {Acesso em: 03 de março de 2019}
}

@misc{Jason2019,
    title={How to Avoid Exploding Gradients With Gradient Clipping},
    howpublished={Disponível em: \url{https://machinelearningmastery.com/how-to-avoid-exploding-gradients-in-neural-networks-with-gradient-clipping/}},
    year={2019},
    author={Jason Brownlee},
    note = {Acesso em: 03 de março de 2019}
}

@ARTICLE{LungSegmentation2014,
    author={S. {Candemir} and S. {Jaeger} and K. {Palaniappan} and J. P. {Musco} and R. K. {Singh} and Z. {Xue} and A. {Karargyris} and S. {Antani} and G. {Thoma} and C. J. {McDonald}},
    journal={IEEE Transactions on Medical Imaging},
    title={Lung Segmentation in Chest Radiographs Using Anatomical Atlases With Nonrigid Registration},
    year={2014},
    volume={33},
    number={2},
    pages={577-590},
    doi={https://doi.org/10.1109/TMI.2013.2290491},
    ISSN={1558-254X},
    month={Feb},
}

@article{SENGUPTA2020,
    title = "A review of deep learning with special emphasis on architectures, applications and recent trends",
    journal = "Knowledge-Based Systems",
    pages = "105596",
    year = "2020",
    issn = "0950-7051",
    doi = "https://doi.org/10.1016/j.knosys.2020.105596",
    author = "Saptarshi Sengupta and Sanchita Basak and Pallabi Saikia and Sayak Paul and Vasilios Tsalavoutis and Frederick Atiah and Vadlamani Ravi and Alan Peters"
}

@ARTICLE{726791,
  author={Lecun, Y. and Bottou, L. and Bengio, Y. and Haffner, P.},
  journal={Proceedings of the IEEE}, 
  title={Gradient-based learning applied to document recognition}, 
  year={1998},
  volume={86},
  number={11},
  pages={2278-2324},
  doi={10.1109/5.726791}
}

@ARTICLE{6932467,
  author={Zhang, Kaihua and Liu, Qingshan and Song, Huihui and Li, Xuelong},
  journal={IEEE Transactions on Cybernetics}, 
  title={A Variational Approach to Simultaneous Image Segmentation and Bias Correction}, 
  year={2015},
  volume={45},
  number={8},
  pages={1426-1437},
  doi={10.1109/TCYB.2014.2352343}
}

@article{hua2015computer,
  title={Computer-aided classification of lung nodules on computed tomography images via deep learning technique},
  author={Hua, Kai-Lung and Hsu, Che-Hao and Hidayati, Shintami Chusnul and Cheng, Wen-Huang and Chen, Yu-Jen},
  journal={OncoTargets and therapy},
  volume={8},
  year={2015},
  publisher={Dove Press}
}

@article{cheng2016computer,
  title={Computer-aided diagnosis with deep learning architecture: applications to breast lesions in US images and pulmonary nodules in CT scans},
  author={Cheng, Jie-Zhi and Ni, Dong and Chou, Yi-Hong and Qin, Jing and Tiu, Chui-Mei and Chang, Yeun-Chung and Huang, Chiun-Sheng and Shen, Dinggang and Chen, Chung-Ming},
  journal={Scientific reports},
  volume={6},
  number={1},
  pages={1--13},
  year={2016},
  publisher={Nature Publishing Group}
}

@INPROCEEDINGS{5537907,
    author={LeCun, Yann and Kavukcuoglu, Koray and Farabet, Clement},  
    booktitle={Proceedings of 2010 IEEE International Symposium on Circuits and Systems},
    title={Convolutional networks and applications in vision},   
    year={2010},
    volume={},
    number={},
    pages={253-256},
    doi={10.1109/ISCAS.2010.5537907}
}

@article{GUO201627,
    title = "Deep learning for visual understanding: A review",
    journal = "Neurocomputing",
    volume = "187",
    pages = "27 - 48",
    year = "2016",
    note = "Recent Developments on Deep Big Vision",
    issn = "0925-2312",
    doi = "https://doi.org/10.1016/j.neucom.2015.09.116",
    author = "Yanming Guo and Yu Liu and Ard Oerlemans and Songyang Lao and Song Wu and Michael S. Lew"
}

@INPROCEEDINGS{Tompson2015,
    author={J. {Tompson} and R. {Goroshin} and A. {Jain} and Y. {LeCun} and C. {Bregler}},
    booktitle={2015 IEEE Conference on Computer Vision and Pattern Recognition (CVPR)},
    title={Efficient object localization using Convolutional Networks},
    year={2015},
    volume={},
    number={},
    pages={648-656},
    doi={https://doi.org/10.1109/CVPR.2015.7298664},
    ISSN={1063-6919},
    month={June}
}

@INPROCEEDINGS{Taigman2014,
    author={Y. Taigman and M. Yang and M. Ranzato and L. Wolf},
    booktitle={2014 IEEE Conference on Computer Vision and Pattern Recognition},
    title={DeepFace: Closing the Gap to Human-Level Performance in Face Verification},
    year={2014},
    volume={},
    number={},
    pages={1701-1708},
    doi={https://doi.org/10.1109/CVPR.2014.220},
    ISSN={1063-6919},
    month={June}
}

@INPROCEEDINGS{Wang2012,
    author={T. {Wang} and D. J. {Wu} and A. {Coates} and A. Y. {Ng}},
    booktitle={Proceedings of the 21st International Conference on Pattern Recognition (ICPR2012)},
    title={End-to-end text recognition with convolutional neural networks},
    year={2012},
    volume={},
    number={},
    pages={3304-3308},
    keywords={feature extraction;handwritten character recognition;multilayer perceptrons;natural scenes;text detection;unsupervised learning;end-to-end text recognition;convolutional neural network;natural image processing;multilayer neural network;unsupervised feature learning;text detection;character recognizer module;off-the-shelf method;scene text recognition system;Street View Text;ICDAR 2003;lexicon driven recognition system;Text recognition;Character recognition;Benchmark testing;Accuracy;Detectors;Neural networks;Standards},
    doi={},
    ISSN={1051-4651},
    month={Nov}
}

@article{BANDEIRADINIZ2018191,
    title = "Detection of mass regions in mammograms by bilateral analysis adapted to breast density using similarity indexes and convolutional neural networks",
    journal = "Computer Methods and Programs in Biomedicine",
    volume = "156",
    pages = "191 - 207",
    year = "2018",
    issn = "0169-2607",
    doi = "https://doi.org/10.1016/j.cmpb.2018.01.007",
    author = "João Otávio Bandeira Diniz and Pedro Henrique Bandeira Diniz and Thales Levi Azevedo Valente and Aristófanes Corrêa Silva and Anselmo Cardoso de Paiva and Marcelo Gattass"
}

@article{boas2012ct,
  title={CT artifacts: causes and reduction techniques},
  author={Boas, F Edward and Fleischmann, Dominik},
  journal={Imaging Med},
  volume={4},
  number={2},
  pages={229--240},
  year={2012}
}

@article{mcculloch1943logical,
  title={A logical calculus of the ideas immanent in nervous activity},
  author={McCulloch, Warren S and Pitts, Walter},
  journal={The bulletin of mathematical biophysics},
  volume={5},
  number={4},
  pages={115--133},
  year={1943},
  doi={10.1007/BF02478259},
  publisher={Springer}
}

@incollection{MUKHOPADHYAY2011329,
    title = {13 - Artificial neural network applications in textile composites},
    editor = {A. Majumdar},
    booktitle = {Soft Computing in Textile Engineering},
    publisher = {Woodhead Publishing},
    pages = {329-349},
    year = {2011},
    series = {Woodhead Publishing Series in Textiles},
    isbn = {978-1-84569-663-4},
    doi = {https://doi.org/10.1533/9780857090812.4.329},
    author = {S. Mukhopadhyay}
}

@incollection{BERSIMIS201931,
    title = {Chapter 2 - Use of health-related indices and classification methods in medical data},
    editor = {Nilanjan Dey},
    booktitle = {Classification Techniques for Medical Image Analysis and Computer Aided Diagnosis},
    publisher = {Academic Press},
    pages = {31-66},
    year = {2019},
    series = {Advances in ubiquitous sensing applications for healthcare},
    issn = {25891014},
    doi = {https://doi.org/10.1016/B978-0-12-818004-4.00002-9},
    author = {Fragkiskos G. Bersimis and Iraklis Varlamis}
}

@phdthesis{silva2004algoritmos,
  title={Algoritmos para Diagn{\'o}stico Assistido de n{\'o}dulos Pulmonares Solit{\'a}rios em Imagens de Tomografia Computadorizada.},
  author={Silva, Arist{\'o}fanes Corr{\^e}a},
  year={2004},
  OPTtype = {Tese de Doutorado},
  school={Pontifícia Universidade Católica do Rio de Janeiro, Brasil}
}

@article{silva2010redes,
  title={Redes neurais artificiais para engenharia e ci{\^e}ncias aplicadas},
  author={Silva, IN da and Spatti, Danilo Hernane and Flauzino, Rog{\'e}rio Andrade},
  journal={S{\~a}o Paulo: Artliber},
  volume={23},
  number={5},
  pages={33--111},
  year={2010}
}

@article{LIU201711,
    title = "A survey of deep neural network architectures and their applications",
    journal = "Neurocomputing",
    volume = "234",
    pages = "11 - 26",
    year = "2017",
    issn = "0925-2312",
    doi = "https://doi.org/10.1016/j.neucom.2016.12.038",
    author = "Weibo Liu and Zidong Wang and Xiaohui Liu and Nianyin Zeng and Yurong Liu and Fuad E. Alsaadi"
}

@mastersthesis{hafemann:14,
  title={An analysis of deep neural networks for texture classification},
  author={Hafemann, Luiz Gustavo},
  OPTtype = {Dissertação (Mestrado)},
  school = {Universidade Federal do Paraná, Curitiba - PR},
  year={2014}
}

@article{WU2020,
    title = "Recent advances in deep learning for object detection",
    journal = "Neurocomputing",
    year = "2020",
    issn = "0925-2312",
    doi = "https://doi.org/10.1016/j.neucom.2020.01.085",
    url = "http://www.sciencedirect.com/science/article/pii/S0925231220301430",
    author = "Xiongwei Wu and Doyen Sahoo and Steven C.H. Hoi"
}

@book{haykin2007redes,
  title={Redes neurais: princ{\'\i}pios e pr{\'a}tica},
  author={Haykin, Simon},
  year={2007},
  publisher={Bookman Editora}
}

@article{PHAM2019302,
    title = {A novel artificial intelligence approach based on Multi-layer Perceptron Neural Network and Biogeography-based Optimization for predicting coefficient of consolidation of soil},
    journal = {CATENA},
    volume = {173},
    pages = {302-311},
    year = {2019},
    issn = {0341-8162},
    doi = {https://doi.org/10.1016/j.catena.2018.10.004},
    author = {Binh Thai Pham and Manh Duc Nguyen and Kien-Trinh Thi Bui and Indra Prakash and Kamran Chapi and Dieu Tien Bui}
}

@article{hornik1989multilayer,
  title={Multilayer feedforward networks are universal approximators},
  author={Hornik, Kurt and Stinchcombe, Maxwell and White, Halbert},
  journal={Neural networks},
  volume={2},
  number={5},
  pages={359--366},
  year={1989},
  publisher={Elsevier}
}

@book{alanis2019artificial,
  title={Artificial neural networks for engineering applications},
  author={Alanis, Alma Y and Arana-Daniel, Nancy and Lopez-Franco, Carlos},
  year={2019},
  publisher={Academic Press}
}

@inproceedings{maas2013rectifier,
  title={Rectifier nonlinearities improve neural network acoustic models},
  author={Maas, Andrew L and Hannun, Awni Y and Ng, Andrew Y},
  booktitle={Proceedings of the 30th International Conference on Machine Learning},
  volume={30},
  number={1},
  pages={3},
  year={2013},
  organization={Citeseer}
}

@article{baroni2020linguistic,
  title={Linguistic generalization and compositionality in modern artificial neural networks},
  author={Baroni, Marco},
  journal={Philosophical Transactions of the Royal Society B},
  volume={375},
  number={1791},
  pages={20190307},
  year={2020},
  publisher={The Royal Society}
}

@book{duda1973pattern,
    title={Pattern classification and scene analysis},
    author={Duda, Richard},
    publisher={Wiley-Interscience Publication, 512},
    pages={512},
    year={1973}
}

@INPROCEEDINGS{9334937,
    author={Goceri, Evgin},
    booktitle={2020 IEEE 4th International Conference on Image Processing, Applications and Systems (IPAS)},
    title={Image Augmentation for Deep Learning Based Lesion Classification from Skin Images},
    year={2020},
    volume={},
    number={},
    pages={144-148},
    doi={10.1109/IPAS50080.2020.9334937}
}

%heterogeneidade
@Inbook{Sun2015,
    author="Sun, David
    and Jonasch, Eric
    and Lara, Primo N.",
    editor="Lara, Primo N.
    and Jonasch, Eric",
    title="Genetic Heterogeneity of Kidney Cancer",
    bookTitle="Kidney Cancer: Principles and Practice",
    year="2015",
    publisher="Springer International Publishing",
    address="Cham",
    pages="83--88",
    isbn="978-3-319-17903-2",
    doi="https://doi.org/10.1007/978-3-319-17903-2_5"
}

@article{johnson2019survey,
  title={Survey on deep learning with class imbalance},
  author={Johnson, Justin M and Khoshgoftaar, Taghi M},
  journal={Journal of Big Data},
  volume={6},
  number={1},
  pages={1--54},
  year={2019},
  doi={https://doi.org/10.1186/s40537-019-0192-5},
  publisher={Springer}
}

@INPROCEEDINGS{8936083,
    author={Goceri, Evgin},
    booktitle={2019 Ninth International Conference on Image Processing Theory, Tools and Applications (IPTA)},
    title={Analysis of Deep Networks with Residual Blocks and Different Activation Functions: Classification of Skin Diseases},  
    year={2019},
    volume={},
    number={},
    pages={1-6},
    doi={https://doi.org/10.1109/IPTA.2019.8936083}
}

@article{GOCERI2021104118,
    title = {Deep learning based classification of facial dermatological disorders},
    journal = {Computers in Biology and Medicine},
    volume = {128},
    pages = {104118},
    year = {2021},
    issn = {0010-4825},
    doi = {https://doi.org/10.1016/j.compbiomed.2020.104118},
    url = {https://www.sciencedirect.com/science/article/pii/S0010482520304492},
    author = {Evgin Goceri},
}

@article{levandowsky1971distance,
    title={Distance between sets},
    author={Levandowsky, Michael and Winter, David},
    journal={Nature},
    volume={234},
    number={5323},
    pages={34--35},
    year={1971},
    doi={https://doi.org/10.1038/234034a0},
    publisher={Springer}
}

@inproceedings{chollet2017xception,
  title={Xception: Deep learning with depthwise separable convolutions},
  author={Chollet, Fran{\c{c}}ois},
  booktitle={Proceedings of the IEEE conference on computer vision and pattern recognition},
  pages={1251--1258},
  year={2017}
}

@article{simonyan2014very,
  title={Very deep convolutional networks for large-scale image recognition},
  author={Simonyan, Karen and Zisserman, Andrew},
  journal={arXiv preprint arXiv:1409.1556},
  year={2014}
}

@misc{chollet2015keras,
    title={Keras},
    author={Chollet, Fran\c{c}ois and others},
    year={2015},
    howpublished={\url{https://keras.io}},
}

@article{Lih2006,
    author = {Lih-Yuan Deng},
    title = {The Cross-Entropy Method: A Unified Approach to Combinatorial Optimization, Monte-Carlo Simulation, and Machine Learning},
    journal = {Technometrics},
    volume = {48},
    number = {1},
    pages = {147-148},
    year  = {2006},
    publisher = {Taylor & Francis},
    doi = {https://doi.org/10.1198/tech.2006.s353},
}

@InProceedings{Xavier2010,
  title = {Understanding the difficulty of training deep feedforward neural networks},
  author = {Xavier Glorot and Yoshua Bengio},
  booktitle = {Proceedings of the Thirteenth International Conference on Artificial Intelligence and Statistics},
  pages = {249--256},
  year = {2010},
  editor = {Yee Whye Teh and Mike Titterington},
  volume = {9},
  series = {Proceedings of Machine Learning Research},
  address = {Chia Laguna Resort, Sardinia, Italy},
  month = {13--15 May},
  publisher = {PMLR}
}

@inproceedings{bjorck2018understanding,
  title={Understanding batch normalization},
  author={Bjorck, Nils and Gomes, Carla P and Selman, Bart and Weinberger, Kilian Q},
  booktitle={Advances in Neural Information Processing Systems},
  pages={7694--7705},
  year={2018}
}

@article{muglia2015renal,
  title={Renal cell carcinoma: histological classification and correlation with imaging findings},
  author={Muglia, Valdair F and Prando, Adilson},
  journal={Radiologia brasileira},
  volume={48},
  number={3},
  pages={166--174},
  year={2015},
  publisher={SciELO Brasil}
}

@article{warren2018isup,
  title={WHO/ISUP classification, grading and pathological staging of renal cell carcinoma: standards and controversies},
  author={Warren, Anne Y and Harrison, David},
  journal={World journal of urology},
  volume={36},
  number={12},
  pages={1913--1926},
  year={2018},
  publisher={Springer}
}

@article{dreisin2016treating,
  title={Treating renal cell carcinoma in young adults: challenges and solutions},
  author={Dreisin, Alex and Matrana, Marc R},
  journal={Clinical Oncology in Adolescents and Young Adults},
  volume={6},
  pages={31--38},
  year={2016},
  publisher={Dove Press}
}

@book{goodfellow2016deep,
  title={Deep learning},
  author={Goodfellow, Ian and Bengio, Yoshua and Courville, Aaron},
  pages={800},
  year={2016},
  publisher={MIT press}
}

@article{ioffe2015batch,
  title={Batch normalization: Accelerating deep network training by reducing internal covariate shift},
  author={Ioffe, Sergey and Szegedy, Christian},
  journal={arXiv preprint arXiv:1502.03167},
  year={2015}
}

@article{lehmann2005binary,
    title={Binary morphological closing and opening image filters},
    author={Lehmann, Gaetan},
    journal={Africa Insight},
    number={141},
    pages={5--p},
    year={2005}
}

@incollection{NEURIPS2019_9015,
    title = {PyTorch: An Imperative Style, High-Performance Deep Learning Library},
    author = {Paszke, Adam and Gross, Sam and Massa, Francisco and Lerer, Adam and Bradbury, James and Chanan, Gregory and Killeen, Trevor and Lin, Zeming and Gimelshein, Natalia and Antiga, Luca and Desmaison, Alban and Kopf, Andreas and Yang, Edward and DeVito, Zachary and Raison, Martin and Tejani, Alykhan and Chilamkurthy, Sasank and Steiner, Benoit and Fang, Lu and Bai, Junjie and Chintala, Soumith},
    booktitle = {Advances in Neural Information Processing Systems 32},
    editor = {H. Wallach and H. Larochelle and A. Beygelzimer and F. d\textquotesingle Alch\'{e}-Buc and E. Fox and R. Garnett},
    pages = {8024--8035},
    year = {2019},
    publisher = {Curran Associates, Inc.},
    howpublished = {\url{http://papers.neurips.cc/paper/9015-pytorch-an-imperative-style-high-performance-deep-learning-library.pdf}}
}

@inproceedings{baldi2013understanding,
  title={Understanding dropout},
  author={Baldi, Pierre and Sadowski, Peter J},
  booktitle={Advances in neural information processing systems 26},
  pages={2814--2822},
  year={2013}
}

@inproceedings{lau2018leak,
  title={Review of adaptive activation function in deep neural network},
  author={Lau, Mian Mian and Lim, King Hann},
  booktitle={2018 IEEE-EMBS Conference on Biomedical Engineering and Sciences (IECBES)},
  pages={686--690},
  year={2018},
  doi={https://doi.org/10.1109/IECBES.2018.8626714},
  organization={IEEE}
}

